@manual{Anleitung,
  author = {TU Dortmund},
  title = {Versuchsanleitung f√ºr den Versuch 27 des Fortgeschrittenenpraktikums der Physik.},
  year = "2016",
  month = "Juni",
  url= "http://129.217.224.2/HOMEPAGE/Anleitung_FP.html"
}
@misc{wikiluft,
    author = "Wikipedia",
    title= "",
    year = "2015",
    url = "https://de.wikipedia.org/wiki/Luft",
    note = "[Online; Abgerufen am 22-Juni-2015]"
}
@online{goldlit,
    author  = "",
    title   = "Lattice constant of Gold",
    urldate = "24-05-16",
    url     = "http://periodictable.com/Properties/A/LatticeConstants.html",
}
