@article{numpy,
  author = "Travis E. Oliphant",
  title = "Python for Scientific Computing",
  publisher = "IEEE",
  year = "2007",
  journal = "Computing in Science \& Engineering",
  volume = "9",
  number = "3",
  pages = "10-20",
  url = "http://scitation.aip.org/content/aip/journal/cise/9/3/10.1109/MCSE.2007.58",
  addendum = "Version 1.10.4"
}
@article{scikit-learn,
 title={Scikit-learn: Machine Learning in {P}ython},
 author={Pedregosa, F. and Varoquaux, G. and Gramfort, A. and Michel, V.
         and Thirion, B. and Grisel, O. and Blondel, M. and Prettenhofer, P.
         and Weiss, R. and Dubourg, V. and Vanderplas, J. and Passos, A. and
         Cournapeau, D. and Brucher, M. and Perrot, M. and Duchesnay, E.},
 journal={Journal of Machine Learning Research},
 volume={12},
 pages={2825--2830},
 year={2011}
}

@article{mrmre,
author = {{De Jay}, Nicolas and Papillon-Cavanagh, Simon and Olsen, Catharina and El-Hachem, Nehme and Bontempi, Gianluca and Haibe-Kains, Benjamin},
doi = {10.1093/bioinformatics/btt383},
file = {:home/fongo/.local/share/data/Mendeley Ltd./Mendeley Desktop/Downloaded/De Jay et al. - 2013 - MRMRe An R package for parallelized mRMR ensemble feature selection(12).pdf:pdf},
issn = {13674803},
journal = {Bioinformatics},
number = {18},
pages = {2365--2368},
pmid = {23825369},
title = {{MRMRe: An R package for parallelized mRMR ensemble feature selection}},
volume = {29},
year = {2013}
}

@incollection{autosklearn,
   title = {Efficient and Robust Automated Machine Learning},
   author = {Feurer, Matthias and Klein, Aaron and Eggensperger, Katharina and
             Springenberg, Jost and Blum, Manuel and Hutter, Frank},
   booktitle = {Advances in Neural Information Processing Systems 28},
   editor = {C. Cortes and N. D. Lawrence and D. D. Lee and M. Sugiyama and R. Garnett},
   pages = {2962--2970},
   year = {2015},
   publisher = {Curran Associates, Inc.},
   url = {http://papers.nips.cc/paper/5872-efficient-and-robust-automated-machine-learning.pdf}
}

@Misc{scipy,
  author = "Eric Jones and Travis Oliphant and Pearu Peterson and others",
  title = "{SciPy}: Open source scientific tools for {Python}",
  year = "2001",
  url = "http://www.scipy.org/",
  addendum = "Version 0.17.0"
}

@article{matplotlib,
  author = "John D. Hunter",
  title = "Matplotlib: A 2D Graphics Environment",
  publisher = "IEEE",
  year = "2007",
  journal = "Computing in Science \& Engineering",
  volume = "9",
  number = "3",
  pages = "90-95",
  url = "http://scitation.aip.org/content/aip/journal/cise/9/3/10.1109/MCSE.2007.55",
  addendum = "Version 1.5.1"
}

@Misc{uncertainties,
  author = "Eric O. Lebigot",
  title = "Uncertainties: a Python package for calculations with uncertainties",
  url = "http://pythonhosted.org/uncertainties/",
  addendum = "Version 2.4.7"
}

@Misc{pandas,
  author = "Wes McKinney and others",
  title = "pandas: Python Data Analysis Library",
  url = "http://pandas.pydata.org/",
  addendum = "Version 0.17.1"
}

@misc{seaborn,
  author       = {Michael Waskom and
                  Olga Botvinnik and
                  Paul Hobson and
                  John B. Cole and
                  Yaroslav Halchenko and
                  Stephan Hoyer and
                  Alistair Miles and
                  Tom Augspurger and
                  Tal Yarkoni and
                  Tobias Megies and
                  Luis Pedro Coelho and
                  Daniel Wehner and
                  cynddl and
                  Erik Ziegler and
                  diego0020 and
                  Yury V. Zaytsev and
                  Travis Hoppe and
                  Skipper Seabold and
                  Phillip Cloud and
                  Miikka Koskinen and
                  Kyle Meyer and
                  Adel Qalieh and
                  Dan Allan},
  title        = {seaborn: v0.5.0 (November 2014)},
  month        = nov,
  year         = 2014,
  doi          = {10.5281/zenodo.12710},
  url          = {http://dx.doi.org/10.5281/zenodo.12710}
}

@inproceedings{networkx,
  author = "Aric A. Hagberg and Daniel A. Schult and Pieter J. Swart",
  title = "Exploring network structure, dynamics, and function using {NetworkX}",
  year = "2008",
  month = Aug,
  urlpdf = "http://math.lanl.gov/~hagberg/Papers/hagberg-2008-exploring.pdf",
  booktitle = "Proceedings of the 7th Python in Science Conference (SciPy2008)",
  editors = "Gäel Varoquaux, Travis Vaught, and Jarrod Millman",
  address = "Pasadena, CA USA",
  pages = "11\ndash15",
  addendum = "Version 1.8.1"
}

@manual{sage,
  author = "W. A. Stein and others",
  organization = "The Sage Development Team",
  title = "{S}age {M}athematics {S}oftware",
  url = "http://www.sagemath.org",
  addendum = "Version 6.2"
}

@inproceedings{root,
  author = "Brun, Rene and Rademakers, Fons",
  booktitle = "AIHENP'96 Workshop, Lausanne",
  url = "http://root.cern.ch/",
  journal = "Nucl. Inst. \& Meth. in Phys. Res. A",
  pages = "81\ndash86",
  title = "ROOT \mdash{} An Object Oriented Data Analysis Framework",
  volume = 389,
  year = 1996,
  addendum = "Version 5.34.18"
}


@Misc{pyminuit2,
  author = "Jim Pivarski and Johann Cohen-Tanugi and Jan Strube and Jakob van Santen",
  title = "PyMinuit2: Minuit2 numerical function minimization in Python",
  url = "https://code.google.com/p/pyminuit2/",
  addendum = "Version 1.1.0"
}

@manual{mpmath,
  author = "Fredrik Johansson and others",
  title = "mpmath: a {P}ython library for arbitrary-precision floating-point arithmetic",
  url = "http://code.google.com/p/mpmath/",
  month = "February",
  year = "2011",
  addendum = "Version 0.18"
}

@manual{maxima,
  author = "Maxima",
  title = "Maxima, a Computer Algebra System",
  url = "http://maxima.sourceforge.net/",
  date = "2013-04-03",
  addendum = "Version 5.33.0"
}

@Misc{GIMP,
  author = "The GIMP Team",
  title = "GIMP: GNU Image Manipulation Program",
  url = "http://www.gimp.org/",
  addendum = "Version 2.8.10"
}
@Misc{Gwyddion,
  title = "Gwyddion – Free SPM (AFM, SNOM/NSOM, STM, MFM, …) data analysis software",
  url = "http://www.gwyddion.net/",
  addendum = "Version 2.45"
}

@article{Weka2009,
  title={The WEKA data mining software: an update},
  author={Hall, Mark and Frank, Eibe and Holmes, Geoffrey and Pfahringer, Bernhard and Reutemann, Peter and Witten, Ian H},
  journal={ACM SIGKDD explorations newsletter},
  volume={11},
  number={1},
  pages={10--18},
  year={2009},
  publisher={ACM}
}

@article{RapidMiner,
author = {{Mierswa}, I. and {Wurst}, M. and {Klinkenberg}, R. and {Scholz}, M. and {Euler}, T.},
title = {{YALE}: {R}apid {P}rototyping for {C}omplex {D}ata {M}ining {T}asks},
year = {2006},
journaltitle = {Proceedings of the 12th ACM SIGKDD International Conference on Knowledge Discovery and Data Mining (KDD 2006)},
month = {August},
pages = {935--940},
publisher = {{ACM} {P}ress},
url = {http://rapid-i.com/component/option,com_docman/task,doc_download/gid,25/Itemid,62/}
}
